@ARTICLE{Mastroeni201958836,
	author={Mastroeni, L. and Vellucci, P. and Naldi, M.},
	title={Agent-Based Models for Opinion Formation: A Bibliographic Survey},
	journal={IEEE Access},
	year={2019},
	volume={7},
	pages={58836-58848},
	publisher={Institute of Electrical and Electronics Engineers Inc.},
	abbrev_source_title={IEEE Access},
	document_type={Article},
	source={Scopus},
}

@inproceedings{Singh20182219,
	author={Singh, A. and Joachims, T.},
	title={Fairness of exposure in rankings},
	journal={Proceedings of the ACM SIGKDD International Conference on Knowledge Discovery and Data Mining},
	year={2018},
	pages={2219-2228},
	publisher={Association for Computing Machinery},
	abbrev_source_title={Proc. ACM SIGKDD Int. Conf. Knowl. Discov. Data Min.},
	document_type={Conference Paper},
	source={Scopus},
}

@inproceedings{Celis2018,
	author={Celis, L.E. and Straszak, D. and Vishnoi, N.K.},
	title={Ranking with fairness constraints},
	booktitle={Leibniz International Proceedings in Informatics, LIPIcs},
	year={2018},
	volume={107},
	art_number={28},
	publisher={Schloss Dagstuhl- Leibniz-Zentrum fur Informatik GmbH, Dagstuhl Publishing},
	abbrev_source_title={Leibniz Int. Proc. Informatics, LIPIcs},
	document_type={Conference Paper},
	source={Scopus},
}

@CONFERENCE{Biega2018405,
	author={Biega, A.J. and Gummadi, K.P. and Weikum, G.},
	title={Equity of attention: Amortizing individual fairness in rankings},
	booktitle={41st International ACM SIGIR Conference on Research and Development in Information Retrieval, SIGIR 2018},
	year={2018},
	pages={405-414},
	publisher={ACM},
	abbrev_source_title={Int. ACM SIGIR Conf. Res. Dev. Inf. Retr., SIGIR},
	document_type={Conference Paper},
	source={Scopus},
}


@inproceedings{Zehlike20171569,
	author={Zehlike, M. and Bonchi, F. and Castillo, C. and Hajian, S. and Megahed, M. and Baeza-Yates, R.},
	title={FA IR: A fair top-k ranking algorithm},
	booktitle={International Conference on Information and Knowledge Management, Proceedings},
	year={2017},
	volume={Part F131841},
	pages={1569-1578},
	publisher={ACM},
	abbrev_source_title={Int Conf Inf Knowledge Manage},
	document_type={Conference Paper},
	source={Scopus},
}


@CONFERENCE{Yang2017,
	author={Yang, K. and Stoyanovich, J.},
	title={Measuring fairness in ranked outputs},
	booktitle={ACM International Conference Proceeding Series},
	year={2017},
	volume={Part F128636},
	art_number={a22},
	publisher={ACM},
	abbrev_source_title={ACM Int. Conf. Proc. Ser.},
	document_type={Conference Paper},
	source={Scopus},
}

@CONFERENCE{Stoddard2015416,
	author={Stoddard, G.},
	title={Popularity dynamics and intrinsic quality in reddit and hacker news},
	booktitle={Proceedings of the 9th International Conference on Web and Social Media, ICWSM 2015},
	year={2015},
	pages={416-425},
	publisher={AAAI Press},
	abbrev_source_title={Proc. Int. Conf. Web Soc. Media, ICWSM},
	document_type={Conference Paper},
	source={Scopus},
}

@ARTICLE{Lerman2014,
	author={Lerman, K. and Hogg, T.},
	title={Leveraging position bias to improve peer recommendation},
	journal={PLoS ONE},
	year={2014},
	volume={9},
	number={6},
	art_number={e98914},
	publisher={Public Library of Science},
	coden={POLNC},
	pubmed_id={24919071},
	abbrev_source_title={PLoS ONE},
	document_type={Article},
	source={Scopus},
}

@CONFERENCE{Ponzanelli2014343,
	author={Ponzanelli, L. and Mocci, A. and Bacchelli, A. and Lanza, M.},
	title={Understanding and classifying the quality of technical forum questions},
	booktitle={Proceedings - International Conference on Quality Software},
	year={2014},
	pages={343-352},
	art_number={6958423},
	sponsors={Sapientia et Virtus; UT Dallas},
	publisher={IEEE Computer Society},
	abbrev_source_title={Proc. Int. Conf. Qual. Softw.},
	document_type={Conference Paper},
	source={Scopus},
}

@CONFERENCE{Tsang2014277,
	author={Tsang, A. and Larson, K.},
	title={Opinion dynamics of skeptical agents},
	booktitle={13th International Conference on Autonomous Agents and Multiagent Systems, AAMAS 2014},
	year={2014},
	volume={1},
	pages={277-284},
	publisher={International Foundation for Autonomous Agents and Multiagent Systems (IFAAMAS)},
	abbrev_source_title={Int. Conf. Auton. Agents Multiagent Syst., AAMAS},
	document_type={Conference Paper},
	source={Scopus},
}

@ARTICLE{Muchnik2013647,
	author={Muchnik, L. and Aral, S. and Taylor, S.J.},
	title={Social influence bias: A randomized experiment},
	journal={Science},
	year={2013},
	volume={341},
	number={6146},
	pages={647-651},
	publisher={American Association for the Advancement of Science},
	coden={SCIEA},
	abbrev_source_title={Science},
	document_type={Article},
	source={Scopus},
}

@ARTICLE{Hogg20121,
	author={Hogg, T. and Lerman, K.},
	title={Social dynamics of digg},
	journal={EPJ Data Science},
	year={2012},
	volume={1},
	number={1},
	pages={1-26},
	art_number={5},
	publisher={SpringerOpen},
	abbrev_source_title={EPJ Data Sci.},
	document_type={Article},
	source={Scopus},
}

@ARTICLE{Zhang2011238,
	author={Zhang, D. and Mao, R. and Li, H. and Mao, J.},
	title={How to count thumb-ups and thumb-downs: User-rating based ranking of items from an axiomatic perspective},
	journal={Lecture Notes in Computer Science (including subseries Lecture Notes in Artificial Intelligence and Lecture Notes in Bioinformatics)},
	year={2011},
	volume={6931 LNCS},
	pages={238-249},
	address={Bertinoro},
	abbrev_source_title={Lect. Notes Comput. Sci.},
	document_type={Conference Paper},
	source={Scopus},
}

@CONFERENCE{Diakopoulos2011133,
	author={Diakopoulos, N. and Naaman, M.},
	title={Towards quality discourse in online news comments},
	booktitle={Proceedings of the ACM Conference on Computer Supported Cooperative Work, CSCW},
	year={2011},
	pages={133-142},
	address={Hangzhou},
	abbrev_source_title={Proc. ACM Conf. Comput. Support. Coop. Work CSCW},
	document_type={Conference Paper},
	source={Scopus},
}

@CONFERENCE{Lerman2010621,
	author={Lerman, K. and Hogg, T.},
	title={Using a model of social dynamics to predict popularity of news},
	booktitle={Proceedings of the 19th International Conference on World Wide Web, WWW '10},
	year={2010},
	pages={621-630},
	address={Raleigh, NC},
	abbrev_source_title={Proc. Int. Conf. World Wide Web, WWW},
	document_type={Conference Paper},
	source={Scopus},
}

@ARTICLE{Wu2008334,
	author={Wu, F. and Huberman, B.A.},
	title={How public opinion forms},
	booktitle={Lecture Notes in Computer Science (including subseries Lecture Notes in Artificial Intelligence and Lecture Notes in Bioinformatics)},
	year={2008},
	volume={5385 LNCS},
	pages={334-341},
	address={Shanghai},
	abbrev_source_title={Lect. Notes Comput. Sci.},
	document_type={Conference Paper},
	source={Scopus},
}

@CONFERENCE{Kaltenbrunner200757,
	author={Kaltenbrunner, A. and Gómez, V. and López, V.},
	title={Description and prediction of Slashdot activity},
	booktitle={Proceedings - 2007 Latin American Web Conference, LA-WEB 2007},
	year={2007},
	pages={57-66},
	art_number={4383159},
	address={Santiago},
	abbrev_source_title={Proc. - Latin Am. Web Conf., LA-WEB},
	document_type={Conference Paper},
	source={Scopus},
}

@ARTICLE{Salganik2006854,
	author={Salganik, M.J. and Dodds, P.S. and Watts, D.J.},
	title={Experimental study of inequality and unpredictability in an artificial cultural market},
	journal={Science},
	year={2006},
	volume={311},
	number={5762},
	pages={854-856},
	coden={SCIEA},
	pubmed_id={16469928},
	abbrev_source_title={Science},
	document_type={Article},
	source={Scopus},
}

@CONFERENCE{Cho2005551,
	author={Cho, J. and Roy, S. and Adams, R.E.},
	title={Page quality: In search of an unbiased web ranking},
	booktitle={Proceedings of the ACM SIGMOD International Conference on Management of Data},
	year={2005},
	pages={551-562},
	address={Baltimore, MD},
	abbrev_source_title={Proc. ACM SIGMOD Int. Conf. Manage. Data},
	document_type={Conference Paper},
	source={Scopus},
}

@ARTICLE{Wang19965,
	author={Wang, R.Y.},
	title={Beyond accuracy: What data quality means to data consumers},
	journal={Journal of Management Information Systems},
	year={1996},
	volume={12},
	number={4},
	pages={5-34},
	publisher={M.E. Sharpe Inc.},
	coden={JMISE},
	abbrev_source_title={J Manage Inf Syst},
	document_type={Article},
	source={Scopus},
}

@ARTICLE{Degroot1974118,
	author={Degroot, M.H.},
	title={Reaching a consensus},
	journal={Journal of the American Statistical Association},
	year={1974},
	volume={69},
	number={345},
	pages={118-121},
	abbrev_source_title={J. Am. Stat. Assoc.},
	document_type={Article},
	source={Scopus},
}

@article{Abeliuk,
	author = {Abeliuk, A. and Berbeglia, G. and Cebrian, M and Van Hentenryck, P.},
	title={Measuring and Optimizing Cultural Markets},
	year={2018}

}

@misc{Luu,
	author={Luu, D.},
	title ={Why HN Should Use Randomized Algorithms},
	howpublished = "\url{http://danluu.com/randomize-hn/}",
	note = {Zugriff am 10.08.2020},
}

@misc{miller,
	author={Miller, E.},
	title={How Not To Sort By Average Rating},
	howpublished = "\url{https://www.evanmiller.org/how-not-to-sort-by-average-rating.html}",
	note = {Zugriff am 10.08.2020},
}

@article{castillo,
	author = {Castillo, C.},
	year = {2019},
	title = {Fairness and Transparency in Ranking},
	volume = {52},
	journal = {ACM SIGIR Forum},
}

@masterthesis{dietze,
	author = {Dietze, F.},
	year = {2015},
	title = {Quality Assurance in a Structured Collaborative Discussion System},
	school = {RWTH Aachen},
}

@inproceedings{Burbach20203,
	author={Burbach, L. and Belavadi, P. and Halbach, P. and Kojan, L. and Plettenberg, N. and Nakayama, J. and Ziefle, M. and Calero Valdez, A.},
	title={Netlogo vs. Julia: Evaluating different options for the simulation of opinion dynamics},
	journal={Lecture Notes in Computer Science (including subseries Lecture Notes in Artificial Intelligence and Lecture Notes in Bioinformatics)},
	year={2020},
	volume={12199 LNCS},
	pages={3-19},
	publisher={Springer},
	abbrev_source_title={Lect. Notes Comput. Sci.},
	document_type={Conference Paper},
	source={Scopus},
}